<record><leader>00000cas a22000007a 4500</leader><controlfield tag="001">37445550</controlfield><controlfield tag="008">970809d19962011akuwr ne      0    0eng d</controlfield><datafield ind1=" " ind2=" " tag="010"><subfield code="a">sn 97060026 </subfield></datafield><datafield ind1=" " ind2=" " tag="040"><subfield code="a">ANE</subfield><subfield code="b">eng</subfield><subfield code="c">ANE</subfield><subfield code="d">OCLCQ</subfield><subfield code="d">DLC</subfield><subfield code="d">ALK</subfield><subfield code="d">OCLCQ</subfield><subfield code="d">OCLCF</subfield></datafield><datafield ind1="1" ind2=" " tag="029"><subfield code="a">AU@</subfield><subfield code="b">000013434745</subfield></datafield><datafield ind1=" " ind2=" " tag="042"><subfield code="a">msc</subfield></datafield><datafield ind1=" " ind2=" " tag="043"><subfield code="a">n-us-ak</subfield></datafield><datafield ind1="0" ind2=" " tag="130"><subfield code="a">Alaska star (Eagle River, Alaska)</subfield></datafield><datafield ind1="1" ind2="0" tag="245"><subfield code="a">Alaska star.</subfield></datafield><datafield ind1="1" ind2="7" tag="246"><subfield code="a">Chugiak-Eagle River Alaska star</subfield></datafield><datafield ind1=" " ind2=" " tag="260"><subfield code="a">Eagle River, Alaska :</subfield><subfield code="b">Lee B. Jordan,</subfield><subfield code="c">1996-2011.</subfield></datafield><datafield ind1=" " ind2=" " tag="300"><subfield code="a">15 v.</subfield></datafield><datafield ind1=" " ind2=" " tag="310"><subfield code="a">Weekly</subfield></datafield><datafield ind1="0" ind2=" " tag="362"><subfield code="a">Vol. 26, no. 42 (May 25, 1996)-v. 40, no. 33 (Aug. 18, 2011).</subfield></datafield><datafield ind1=" " ind2="0" tag="651"><subfield code="a">Chugiak (Anchorage, Alaska)</subfield><subfield code="v">Newspapers.</subfield></datafield><datafield ind1=" " ind2="0" tag="651"><subfield code="a">Eagle River (Anchorage, Alaska)</subfield><subfield code="v">Newspapers.</subfield></datafield><datafield ind1=" " ind2="7" tag="655"><subfield code="a">Newspapers.</subfield><subfield code="2">fast</subfield><subfield code="0">(OCoLC)fst01423814</subfield></datafield><datafield ind1=" " ind2="7" tag="651"><subfield code="a">Alaska</subfield><subfield code="z">Anchorage</subfield><subfield code="z">Chugiak.</subfield><subfield code="2">fast</subfield><subfield code="0">(OCoLC)fst01321856</subfield></datafield><datafield ind1=" " ind2="7" tag="651"><subfield code="a">Alaska</subfield><subfield code="z">Anchorage</subfield><subfield code="z">Eagle River.</subfield><subfield code="2">fast</subfield><subfield code="0">(OCoLC)fst01314055</subfield></datafield><datafield ind1=" " ind2=" " tag="752"><subfield code="a">United States</subfield><subfield code="b">Alaska</subfield><subfield code="d">Chugiak.</subfield></datafield><datafield ind1=" " ind2=" " tag="752"><subfield code="a">United States</subfield><subfield code="b">Alaska</subfield><subfield code="d">Eagle River.</subfield></datafield><datafield ind1="0" ind2="0" tag="780"><subfield code="t">Chugiak-Eagle River Alaska star</subfield><subfield code="w">(DLC)sn 95060059</subfield><subfield code="w">(OCoLC)31107443</subfield></datafield><datafield ind1="0" ind2="0" tag="785"><subfield code="t">Chugiak-Eagle River star (2011)</subfield><subfield code="w">(DLC)  2011215404</subfield><subfield code="w">(OCoLC)751394977</subfield></datafield></record>